<record><leader>00000cas a22000007a 4500</leader><controlfield tag="001">9248736</controlfield><controlfield tag="008">830223d18231842meuwr ne      0    0eng  </controlfield><controlfield tag="009">466</controlfield><datafield ind1=" " ind2=" " tag="010"><subfield code="a">sn 83009650 </subfield></datafield><datafield ind1=" " ind2=" " tag="040"><subfield code="a">DLC</subfield><subfield code="b">eng</subfield><subfield code="c">DLC</subfield><subfield code="d">NPX</subfield><subfield code="d">DLC</subfield><subfield code="d">MGN</subfield><subfield code="d">CNW</subfield><subfield code="d">MBN</subfield><subfield code="d">OCL</subfield><subfield code="d">OCLCQ</subfield><subfield code="d">UKMGB</subfield><subfield code="d">OCLCO</subfield><subfield code="d">OCLCF</subfield></datafield><datafield ind1="7" ind2=" " tag="016"><subfield code="a">013933909</subfield><subfield code="2">Uk</subfield></datafield><datafield ind1=" " ind2=" " tag="042"><subfield code="a">msc</subfield></datafield><datafield ind1=" " ind2=" " tag="043"><subfield code="a">n-us-me</subfield></datafield><datafield ind1="0" ind2="0" tag="050"><subfield code="a">Newspaper 8007-X</subfield></datafield><datafield ind1="0" ind2=" " tag="130"><subfield code="a">Somerset journal (Norridgewock, Me.)</subfield></datafield><datafield ind1="0" ind2="0" tag="245"><subfield code="a">Somerset journal.</subfield></datafield><datafield ind1=" " ind2=" " tag="260"><subfield code="a">Norridgewock, Me. :</subfield><subfield code="b">Edes &amp; Copeland,</subfield></datafield><datafield ind1=" " ind2=" " tag="300"><subfield code="a">v. :</subfield><subfield code="b">ill. (chiefly advertisements) ;</subfield><subfield code="c">52-68 cm.</subfield></datafield><datafield ind1=" " ind2=" " tag="310"><subfield code="a">Weekly</subfield></datafield><datafield ind1="0" ind2=" " tag="362"><subfield code="a">Vol. 1, no. 1 (May 15, 1823)-</subfield></datafield><datafield ind1="1" ind2=" " tag="362"><subfield code="a">Ceased in May 1842.</subfield></datafield><datafield ind1=" " ind2=" " tag="500"><subfield code="a">Publishers: Thomas J. Copeland, 1824-1837; Henry Paul Pratt, 1837-1839; B.F. Dimock, &lt;1839&gt;.</subfield></datafield><datafield ind1=" " ind2=" " tag="500"><subfield code="a">"First newspaper printed in Somerset County." Cf. Griffin, J. Hist. of the press of Me., 1872.</subfield></datafield><datafield ind1=" " ind2=" " tag="500"><subfield code="a">Whig.</subfield></datafield><datafield ind1=" " ind2=" " tag="515"><subfield code="a">Suspended June 1837.</subfield></datafield><datafield ind1=" " ind2="0" tag="651"><subfield code="a">Norridgewock (Me.)</subfield><subfield code="v">Newspapers.</subfield></datafield><datafield ind1=" " ind2="7" tag="655"><subfield code="a">Newspapers.</subfield><subfield code="2">fast</subfield><subfield code="0">(OCoLC)fst01423814</subfield></datafield><datafield ind1=" " ind2="7" tag="651"><subfield code="a">Maine</subfield><subfield code="z">Norridgewock.</subfield><subfield code="2">fast</subfield><subfield code="0">(OCoLC)fst01259038</subfield></datafield><datafield ind1=" " ind2=" " tag="752"><subfield code="a">United States</subfield><subfield code="b">Maine</subfield><subfield code="c">Somerset</subfield><subfield code="d">Norridgewock.</subfield></datafield><datafield ind1="0" ind2="0" tag="785"><subfield code="t">Workingman</subfield></datafield></record>